@inproceedings{gomes1997algorithm,
    title={Algorithm portfolio design: Theory vs. practice},
    author={Gomes, Carla P and Selman, Bart},
    booktitle={Proceedings of the Thirteenth conference on Uncertainty in artificial intelligence},
    pages={190--197},
    year={1997},
    organization={Morgan Kaufmann Publishers Inc.}
}

@incollection{rice1976algorithm,
    title={The algorithm selection problem},
    author={Rice, John R},
    booktitle={Advances in computers},
    volume={15},
    pages={65--118},
    year={1976},
    publisher={Elsevier}
}

@incollection{kotthoff2016algorithm,
    title={Algorithm selection for combinatorial search problems: A survey},
    author={Kotthoff, Lars},
    booktitle={Data Mining and Constraint Programming},
    pages={149--190},
    year={2016},
    publisher={Springer}
}

@inproceedings{krizhevsky2012imagenet,
    title={Imagenet classification with deep convolutional neural networks},
    author={Krizhevsky, Alex and Sutskever, Ilya and Hinton, Geoffrey E},
    booktitle={Advances in neural information processing systems},
    pages={1097--1105},
    year={2012}
}

@article{lecun2015deep,
    title={Deep learning},
    author={LeCun, Yann and Bengio, Yoshua and Hinton, Geoffrey},
    journal={nature},
    volume={521},
    number={7553},
    pages={436},
    year={2015},
    publisher={Nature Publishing Group}
}

@article{galinier1999hybrid,
    title={Hybrid evolutionary algorithms for graph coloring},
    author={Galinier, Philippe and Hao, Jin-Kao},
    journal={Journal of combinatorial optimization},
    volume={3},
    number={4},
    pages={379--397},
    year={1999},
    publisher={Springer}
}

@article{leighton1979graph,
    title={A graph coloring algorithm for large scheduling problems},
    author={Leighton, Frank Thomson},
    journal={Journal of research of the national bureau of standards},
    volume={84},
    number={6},
    pages={489--506},
    year={1979}
}

@article{smith2009cross,
    title={Cross-disciplinary perspectives on meta-learning for algorithm selection},
    author={Smith-Miles, Kate A},
    journal={ACM Computing Surveys (CSUR)},
    volume={41},
    number={1},
    pages={6},
    year={2009},
    publisher={ACM}
}

@inproceedings{krizhevsky2012imagenet,
    title={Imagenet classification with deep convolutional neural networks},
    author={Krizhevsky, Alex and Sutskever, Ilya and Hinton, Geoffrey E},
    booktitle={Advances in neural information processing systems},
    pages={1097--1105},
    year={2012}
}

@article{bischl2016aslib,
    title={Aslib: A benchmark library for algorithm selection},
    author={Bischl, Bernd and Kerschke, Pascal and Kotthoff, Lars and Lindauer, Marius and Malitsky, Yuri and Fr{\'e}chette, Alexandre and Hoos, Holger and Hutter, Frank and Leyton-Brown, Kevin and Tierney, Kevin and others},
    journal={Artificial Intelligence},
    volume={237},
    pages={41--58},
    year={2016},
    publisher={Elsevier}
}

